<?xml version="1.0" encoding="UTF-8"?><collection xmlns="http://www.loc.gov/MARC21/slim"><record><leader>00664nam--2200193-u-4500</leader><controlfield tag="001">000054449</controlfield><controlfield tag="002">20161230</controlfield><controlfield tag="005">20161230201051</controlfield><controlfield tag="008">111213s1000------------r-----000-0-rum-d</controlfield><datafield ind1=" " ind2=" " tag="040"><subfield code="a">IFIN-HH</subfield></datafield><datafield ind1=" " ind2=" " tag="041"><subfield code="a">rum</subfield></datafield><datafield ind1=" " ind2=" " tag="080"><subfield code="a">550.3</subfield></datafield><datafield ind1="1" ind2=" " tag="100"><subfield code="a">Ghica, Daniela Veronica</subfield></datafield><datafield ind1="1" ind2="0" tag="245"><subfield code="a">Cercetari privind semnalele inregistrate cu ajutorul statiilor seismice de tip array in monitorizarea seismicitatii globale si pe teritoriul romaniei</subfield><subfield code="b">Teza</subfield><subfield code="c">Daniela veronica ghica</subfield></datafield><datafield ind1=" " ind2=" " tag="260"><subfield code="a">Bucuresti</subfield><subfield code="b">Facultatea De Fizica</subfield><subfield code="c">2010</subfield></datafield><datafield ind1=" " ind2=" " tag="300"><subfield code="a">179P</subfield></datafield><datafield ind1=" " ind2=" " tag="502"><subfield code="a">Conducator Stiintific, Cs1 Dr.Ing. Gheorghe Marmureanu</subfield></datafield><datafield ind1=" " ind2=" " tag="852"><subfield code="a">81857</subfield><subfield code="c">550.3</subfield></datafield><datafield ind1=" " ind2=" " tag="CAT"><subfield code="a">Sys</subfield><subfield code="c">20120531</subfield><subfield code="h">104406</subfield></datafield></record></collection>